<?xml version="1.0" encoding="UTF-8"?>
  <record xmlns="http://www.loc.gov/MARC21/slim" type="Authority">
    <leader>00000nz  a2200000nc 4500</leader>
    <controlfield tag="001">121058816</controlfield>
    <controlfield tag="003">DE-101</controlfield>
    <controlfield tag="005">20220504114642.0</controlfield>
    <controlfield tag="008">990505n||azznnaabn           | aaa    |c</controlfield>
    <datafield tag="024" ind1="7" ind2=" ">
      <subfield code="a">121058816</subfield>
      <subfield code="0">http://d-nb.info/gnd/121058816</subfield>
      <subfield code="2">gnd</subfield>
    </datafield>
    <datafield tag="035" ind1=" " ind2=" ">
      <subfield code="a">(DE-101)121058816</subfield>
    </datafield>
    <datafield tag="035" ind1=" " ind2=" ">
      <subfield code="a">(DE-588)121058816</subfield>
    </datafield>
    <datafield tag="035" ind1=" " ind2=" ">
      <subfield code="z">(DE-588a)121058816</subfield>
      <subfield code="9">v:zg</subfield>
    </datafield>
    <datafield tag="035" ind1=" " ind2=" ">
      <subfield code="z">(DE-588c)7601200-1</subfield>
      <subfield code="9">v:zg</subfield>
    </datafield>
    <datafield tag="040" ind1=" " ind2=" ">
      <subfield code="a">DE-12</subfield>
      <subfield code="c">DE-12</subfield>
      <subfield code="9">r:DE-12</subfield>
      <subfield code="b">ger</subfield>
      <subfield code="d">2214</subfield>
    </datafield>
    <datafield tag="042" ind1=" " ind2=" ">
      <subfield code="a">gnd1</subfield>
    </datafield>
    <datafield tag="043" ind1=" " ind2=" ">
      <subfield code="c">XA-DE</subfield>
    </datafield>
    <datafield tag="065" ind1=" " ind2=" ">
      <subfield code="a">16.5p</subfield>
      <subfield code="2">sswd</subfield>
    </datafield>
    <datafield tag="075" ind1=" " ind2=" ">
      <subfield code="b">p</subfield>
      <subfield code="2">gndgen</subfield>
    </datafield>
    <datafield tag="075" ind1=" " ind2=" ">
      <subfield code="b">piz</subfield>
      <subfield code="2">gndspec</subfield>
    </datafield>
    <datafield tag="079" ind1=" " ind2=" ">
      <subfield code="a">g</subfield>
      <subfield code="q">a</subfield>
      <subfield code="q">f</subfield>
      <subfield code="q">s</subfield>
      <subfield code="u">v</subfield>
    </datafield>
    <datafield tag="100" ind1="0" ind2=" ">
      <subfield code="a">Anna Maria</subfield>
      <subfield code="c">Sachsen-Weimar-Altenburg, Herzogin</subfield>
      <subfield code="d">1575-1643</subfield>
    </datafield>
    <datafield tag="375" ind1=" " ind2=" ">
      <subfield code="a">2</subfield>
      <subfield code="2">iso5218</subfield>
    </datafield>
    <datafield tag="400" ind1="0" ind2=" ">
      <subfield code="a">Anna Maria</subfield>
      <subfield code="c">Sachsen-Altenburg, Herzogin, 1575-1643</subfield>
      <subfield code="d">1575-1643</subfield>
    </datafield>
    <datafield tag="400" ind1="0" ind2=" ">
      <subfield code="a">Anna Maria</subfield>
      <subfield code="c">Pfalz-Neuburg, Pfalzgräfin</subfield>
      <subfield code="d">1575-1643</subfield>
      <subfield code="4">nafr</subfield>
      <subfield code="4">https://d-nb.info/standards/elementset/gnd#EarlierNameOfThePerson</subfield>
      <subfield code="w">r</subfield>
      <subfield code="i">Frueherer Name</subfield>
      <subfield code="e">Frueherer Name</subfield>
    </datafield>
    <datafield tag="400" ind1="0" ind2=" ">
      <subfield code="a">Anna Maria</subfield>
      <subfield code="c">Pfalz-Neuburg, Prinzessin</subfield>
      <subfield code="d">1575-1643</subfield>
      <subfield code="4">nafr</subfield>
      <subfield code="4">https://d-nb.info/standards/elementset/gnd#EarlierNameOfThePerson</subfield>
      <subfield code="w">r</subfield>
      <subfield code="i">Frueherer Name</subfield>
      <subfield code="e">Frueherer Name</subfield>
    </datafield>
    <datafield tag="400" ind1="0" ind2=" ">
      <subfield code="a">Anna Maria</subfield>
      <subfield code="c">Thüringen, Landgräfin</subfield>
      <subfield code="d">1575-1643</subfield>
    </datafield>
    <datafield tag="400" ind1="0" ind2=" ">
      <subfield code="a">Anna Maria</subfield>
      <subfield code="c">Bayern, Herzogin</subfield>
      <subfield code="d">1575-1643</subfield>
    </datafield>
    <datafield tag="400" ind1="0" ind2=" ">
      <subfield code="a">Anna Maria</subfield>
      <subfield code="c">Meißen, Markgräfin</subfield>
      <subfield code="d">1575-1643</subfield>
    </datafield>
    <datafield tag="400" ind1="0" ind2=" ">
      <subfield code="a">Anna Maria</subfield>
      <subfield code="c">Sachsen, Herzogin</subfield>
      <subfield code="d">1575-1643</subfield>
    </datafield>
    <datafield tag="400" ind1="0" ind2=" ">
      <subfield code="a">Anna Maria</subfield>
      <subfield code="c">von der Pfalz</subfield>
      <subfield code="d">1575-1643</subfield>
    </datafield>
    <datafield tag="400" ind1="0" ind2=" ">
      <subfield code="a">Anna Maria</subfield>
      <subfield code="c">Sachsen-Weimar, Herzogin</subfield>
      <subfield code="d">1575-1643</subfield>
    </datafield>
    <datafield tag="500" ind1="0" ind2=" ">
      <subfield code="0">(DE-101)118593951</subfield>
      <subfield code="0">(DE-588)118593951</subfield>
      <subfield code="0">https://d-nb.info/gnd/118593951</subfield>
      <subfield code="a">Philipp Ludwig</subfield>
      <subfield code="c">Pfalz-Neuburg, Pfalzgraf</subfield>
      <subfield code="d">1547-1614</subfield>
      <subfield code="4">bezf</subfield>
      <subfield code="4">https://d-nb.info/standards/elementset/gnd#familialRelationship</subfield>
      <subfield code="w">r</subfield>
      <subfield code="i">Beziehung familiaer</subfield>
      <subfield code="e">Beziehung familiaer</subfield>
      <subfield code="9">v:Vater</subfield>
    </datafield>
    <datafield tag="500" ind1="0" ind2=" ">
      <subfield code="0">(DE-101)102030081</subfield>
      <subfield code="0">(DE-588)102030081</subfield>
      <subfield code="0">https://d-nb.info/gnd/102030081</subfield>
      <subfield code="a">Friedrich Wilhelm</subfield>
      <subfield code="b">I.</subfield>
      <subfield code="c">Sachsen-Weimar-Altenburg, Herzog</subfield>
      <subfield code="d">1562-1602</subfield>
      <subfield code="4">bezf</subfield>
      <subfield code="4">https://d-nb.info/standards/elementset/gnd#familialRelationship</subfield>
      <subfield code="w">r</subfield>
      <subfield code="i">Beziehung familiaer</subfield>
      <subfield code="e">Beziehung familiaer</subfield>
      <subfield code="9">v:Ehemann</subfield>
    </datafield>
    <datafield tag="500" ind1="0" ind2=" ">
      <subfield code="0">(DE-101)121908631</subfield>
      <subfield code="0">(DE-588)121908631</subfield>
      <subfield code="0">https://d-nb.info/gnd/121908631</subfield>
      <subfield code="a">Johann Wilhelm</subfield>
      <subfield code="b">II.</subfield>
      <subfield code="c">Sachsen-Weimar-Altenburg, Herzog</subfield>
      <subfield code="d">1600-1632</subfield>
      <subfield code="4">bezf</subfield>
      <subfield code="4">https://d-nb.info/standards/elementset/gnd#familialRelationship</subfield>
      <subfield code="w">r</subfield>
      <subfield code="i">Beziehung familiaer</subfield>
      <subfield code="e">Beziehung familiaer</subfield>
      <subfield code="9">v:Sohn</subfield>
    </datafield>
    <datafield tag="500" ind1="0" ind2=" ">
      <subfield code="0">(DE-101)102109176</subfield>
      <subfield code="0">(DE-588)102109176</subfield>
      <subfield code="0">https://d-nb.info/gnd/102109176</subfield>
      <subfield code="a">Johann Philipp</subfield>
      <subfield code="c">Sachsen-Altenburg, Herzog</subfield>
      <subfield code="d">1597-1639</subfield>
      <subfield code="4">bezf</subfield>
      <subfield code="4">https://d-nb.info/standards/elementset/gnd#familialRelationship</subfield>
      <subfield code="w">r</subfield>
      <subfield code="i">Beziehung familiaer</subfield>
      <subfield code="e">Beziehung familiaer</subfield>
      <subfield code="9">v:Sohn</subfield>
    </datafield>
    <datafield tag="500" ind1="0" ind2=" ">
      <subfield code="0">(DE-101)102109168</subfield>
      <subfield code="0">(DE-588)102109168</subfield>
      <subfield code="0">https://d-nb.info/gnd/102109168</subfield>
      <subfield code="a">Friedrich Wilhelm</subfield>
      <subfield code="b">II.</subfield>
      <subfield code="c">Sachsen-Altenburg, Herzog</subfield>
      <subfield code="d">1603-1669</subfield>
      <subfield code="4">bezf</subfield>
      <subfield code="4">https://d-nb.info/standards/elementset/gnd#familialRelationship</subfield>
      <subfield code="w">r</subfield>
      <subfield code="i">Beziehung familiaer</subfield>
      <subfield code="e">Beziehung familiaer</subfield>
      <subfield code="9">v:Sohn</subfield>
    </datafield>
    <datafield tag="500" ind1="0" ind2=" ">
      <subfield code="0">(DE-101)120182998</subfield>
      <subfield code="0">(DE-588)120182998</subfield>
      <subfield code="0">https://d-nb.info/gnd/120182998</subfield>
      <subfield code="a">Anna Sophia</subfield>
      <subfield code="c">Münsterberg-Oels, Herzogin</subfield>
      <subfield code="d">1598-1641</subfield>
      <subfield code="4">bezf</subfield>
      <subfield code="4">https://d-nb.info/standards/elementset/gnd#familialRelationship</subfield>
      <subfield code="w">r</subfield>
      <subfield code="i">Beziehung familiaer</subfield>
      <subfield code="e">Beziehung familiaer</subfield>
      <subfield code="9">v:Tochter</subfield>
    </datafield>
    <datafield tag="548" ind1=" " ind2=" ">
      <subfield code="a">1575-1643</subfield>
      <subfield code="4">datl</subfield>
      <subfield code="4">https://d-nb.info/standards/elementset/gnd#dateOfBirthAndDeath</subfield>
      <subfield code="w">r</subfield>
      <subfield code="i">Lebensdaten</subfield>
    </datafield>
    <datafield tag="548" ind1=" " ind2=" ">
      <subfield code="a">18.08.1575-11.05.1643</subfield>
      <subfield code="4">datx</subfield>
      <subfield code="4">https://d-nb.info/standards/elementset/gnd#dateOfBirthAndDeath</subfield>
      <subfield code="w">r</subfield>
      <subfield code="i">Exakte Lebensdaten</subfield>
    </datafield>
    <datafield tag="551" ind1=" " ind2=" ">
      <subfield code="0">(DE-101)040417190</subfield>
      <subfield code="0">(DE-588)4041719-0</subfield>
      <subfield code="0">https://d-nb.info/gnd/4041719-0</subfield>
      <subfield code="a">Neuburg a.d. Donau</subfield>
      <subfield code="4">ortg</subfield>
      <subfield code="4">https://d-nb.info/standards/elementset/gnd#placeOfBirth</subfield>
      <subfield code="w">r</subfield>
      <subfield code="i">Geburtsort</subfield>
    </datafield>
    <datafield tag="551" ind1=" " ind2=" ">
      <subfield code="0">(DE-101)040911594</subfield>
      <subfield code="0">(DE-588)4091159-7</subfield>
      <subfield code="0">https://d-nb.info/gnd/4091159-7</subfield>
      <subfield code="a">Dornburg/Saale</subfield>
      <subfield code="4">orts</subfield>
      <subfield code="4">https://d-nb.info/standards/elementset/gnd#placeOfDeath</subfield>
      <subfield code="w">r</subfield>
      <subfield code="i">Sterbeort</subfield>
    </datafield>
    <datafield tag="667" ind1=" " ind2=" ">
      <subfield code="a">VD-17</subfield>
    </datafield>
    <datafield tag="670" ind1=" " ind2=" ">
      <subfield code="a">Europ. Stammtaf., N.F., I,1, Taf. 97</subfield>
    </datafield>
    <datafield tag="678" ind1=" " ind2=" ">
      <subfield code="b">Tochter von Pfalzgraf Philipp Ludwig von Pfalz-Neuburg und Anna von Jülich-Kleve-Berg; ab 1591 zweite Ehefrau von Herzog Friedrich Wilhelm I. von Sachsen-Weimar-Altenburg</subfield>
    </datafield>
    <datafield tag="913" ind1=" " ind2=" ">
      <subfield code="S">pnd</subfield>
      <subfield code="i">5</subfield>
      <subfield code="a">Anna Maria &lt;Sachsen-Weimar-Altenburg, Herzogin&gt;</subfield>
      <subfield code="0">(DE-588a)121058816</subfield>
    </datafield>
  </record>
